Automatically generated by Mendeley Desktop 1.15.2
Any changes to this file will be lost if it is regenerated by Mendeley.

BibTeX export options can be customized via Options -> BibTeX in Mendeley Desktop

@article{Park,
author = {Park, Hae-won and Yee, Meng and Chuah, Michael and Kim, Sangbae},
file = {:home/rorsolino/Documents/PhD/romeo{\_}papers/planning of Higly dynamic motions/PArk-quadrupedbounding.pdf:pdf},
isbn = {9781479969340},
keywords = {Biologically-Inspired Robots,Force Control,Legged Robots},
number = {2},
pages = {3--4},
title = {{Dynamic Quadruped Bounding Control with Duty Cycle Modulation Using Vertical Impulse Scaling}}
}
